001  0000058
005  20170429122921.248
008  170429s||||     bl|||||||||||||||||por|u
020    $a9788501071750
040    $aPorto Alegre$bpor
090    $a82-31$bG631d$c10 ed.
100 1  $aGonçalves, Ana Maria
245 10 $aUm defeito de cor$cAna Maria Gonçalves
260    $aRio de Janeiro,RS$bRecord$c2014
300    $a951 p.
650    $aRomance
650    $aRomance brasileiro
